<?xml version="1.0" encoding="UTF-8" ?>
<collection xmlns:xsi="http://www.w3.org/2001/XMLSchema-instance"
    xsi:schemaLocation="http://www.loc.gov/MARC21/slim
        http://www.loc.gov/standards/marcxml/schema/MARC21slim.xsd"
    xmlns="http://www.loc.gov/MARC21/slim">
<record>
  <leader>00287cam a2200565 i 4500</leader>
  <controlfield tag="001">b12620099</controlfield>
  <controlfield tag="003">LeBAU</controlfield>
  <controlfield tag="005">20170116</controlfield>
  <controlfield tag="008">970830s1909    ua            ||0 f ara d</controlfield>
  <datafield tag="035" ind1=" " ind2=" ">
    <subfield code="a">ocn784430362</subfield>
  </datafield>
  <datafield tag="040" ind1=" " ind2=" ">
    <subfield code="a">LEAUB</subfield>
    <subfield code="b">ara</subfield>
    <subfield code="e">rda</subfield>
    <subfield code="c">LEAUB</subfield>
    <subfield code="d">LEAUB</subfield>
  </datafield>
  <datafield tag="082" ind1="0" ind2="4">
    <subfield code="a">892.78</subfield>
    <subfield code="2">22</subfield>
  </datafield>
  <datafield tag="100" ind1="1" ind2=" ">
    <subfield code="6">880-01</subfield>
    <subfield code="a">Zaydān, Jirjī,</subfield>
    <subfield code="d">1861-1914,</subfield>
    <subfield code="e">author.</subfield>
  </datafield>
  <datafield tag="245" ind1="1" ind2="0">
    <subfield code="6">880-02</subfield>
    <subfield code="a">Aḥmad ibn Ṭūlūn :</subfield>
    <subfield code="b">riwāyah tārīkhīyah gharāmīyah /</subfield>
    <subfield code="c">ta’līf Jirjī Zaydān, munshi’ al-hilāl.</subfield>
  </datafield>
  <datafield tag="264" ind1=" " ind2="1">
    <subfield code="6">880-03</subfield>
    <subfield code="a">Miṣr :</subfield>
    <subfield code="b">Maṭbaʻat al-Hilāl,</subfield>
    <subfield code="c">1909.</subfield>
  </datafield>
  <datafield tag="300" ind1=" " ind2=" ">
    <subfield code="6">880-04</subfield>
    <subfield code="a">174 pages ;</subfield>
    <subfield code="b">24 سم.</subfield>
    <subfield code="c">24 cm.</subfield>
  </datafield>
  <datafield tag="336" ind1=" " ind2=" ">
    <subfield code="a">text</subfield>
    <subfield code="b">txt</subfield>
    <subfield code="2">rdacontent</subfield>
  </datafield>
  <datafield tag="337" ind1=" " ind2=" ">
    <subfield code="a">unmediated</subfield>
    <subfield code="b">n</subfield>
    <subfield code="2">rdamedia</subfield>
  </datafield>
  <datafield tag="338" ind1=" " ind2=" ">
    <subfield code="a">volume</subfield>
    <subfield code="b">nc</subfield>
    <subfield code="2">rdacarrier</subfield>
  </datafield>
  <datafield tag="490" ind1="1" ind2=" ">
    <subfield code="6">880-05</subfield>
    <subfield code="a">Riwāyāt tārīkh al-Islām ;</subfield>
    <subfield code="v">al-ḥalaqah al-thālithah ‘asharah</subfield>
  </datafield>
  <datafield tag="520" ind1="2" ind2=" ">
    <subfield code="a">"وهي الحلقة الثالثة عشرة من روايات تاريخ الإسلام، تتضمن وصف مصر وبلاد النوبة في أواسط القرن الثالث للهجرة على زمن أحمد بن طولون ويتخلل ذلك وصف أحوالها السياسية والإجتماعية والأدبية. وعلاقة الأقباط بأهل الدولة وما كانوا يضمرونه في نفوسهم او يجول بخواطرهم. وما بين النوبة ومصر من العلائق السياسية ووصف أحوال البجة وغير ذلك."</subfield>
  </datafield>
  <datafield tag="600" ind1="0" ind2="4">
    <subfield code="a">احمد بن طولون،</subfield>
    <subfield code="d">835-884</subfield>
    <subfield code="v">قصة.</subfield>
  </datafield>
  <datafield tag="600" ind1="0" ind2="0">
    <subfield code="a">Ahmad ibn Tulun,</subfield>
    <subfield code="d">835-884</subfield>
    <subfield code="v">Fiction.</subfield>
  </datafield>
  <datafield tag="610" ind1="2" ind2="4">
    <subfield code="a">الكنيسة القبطية</subfield>
    <subfield code="x">علاقات</subfield>
    <subfield code="x">الاسلام</subfield>
    <subfield code="v">قصة.</subfield>
  </datafield>
  <datafield tag="610" ind1="2" ind2="0">
    <subfield code="a">Coptic Church</subfield>
    <subfield code="x">Relations</subfield>
    <subfield code="x">Islam</subfield>
    <subfield code="v">Fiction.</subfield>
  </datafield>
  <datafield tag="650" ind1=" " ind2="4">
    <subfield code="a">الاسلام</subfield>
    <subfield code="x">علاقات</subfield>
    <subfield code="x">الكنيسة القبطية</subfield>
    <subfield code="v">قصة.</subfield>
  </datafield>
  <datafield tag="650" ind1=" " ind2="0">
    <subfield code="a">Islam</subfield>
    <subfield code="x">Relations</subfield>
    <subfield code="x">Coptic Church</subfield>
    <subfield code="v">Fiction.</subfield>
  </datafield>
  <datafield tag="651" ind1=" " ind2="4">
    <subfield code="a">مصر</subfield>
    <subfield code="x">تاريخ</subfield>
    <subfield code="y">640-1250</subfield>
    <subfield code="v">قصة.</subfield>
  </datafield>
  <datafield tag="651" ind1=" " ind2="0">
    <subfield code="a">Egypt</subfield>
    <subfield code="x">History</subfield>
    <subfield code="y">640-1250</subfield>
    <subfield code="v">Fiction.</subfield>
  </datafield>
  <datafield tag="655" ind1=" " ind2="4">
    <subfield code="a">رواية.</subfield>
  </datafield>
  <datafield tag="655" ind1=" " ind2="0">
    <subfield code="a">Novel.</subfield>
  </datafield>
  <datafield tag="775" ind1="0" ind2=" ">
    <subfield code="6">880-06</subfield>
    <subfield code="t">Aḥmad ibn Ṭūlūn</subfield>
    <subfield code="d">Miṣr : Maṭbaʻat al-Hilāl, 1950</subfield>
    <subfield code="w">(OCoLC)784407120</subfield>
    <subfield code="w">(OCoLC)784407120</subfield>
  </datafield>
  <datafield tag="775" ind1="0" ind2=" ">
    <subfield code="6">880-07</subfield>
    <subfield code="t">Aḥmad ibn Ṭūlūn: riwāyah tārīkhīyah</subfield>
    <subfield code="d">Bayrūt : Dār Maktabat al-Ḥayāh, [1970?]</subfield>
    <subfield code="w">(OCoLC)784407129</subfield>
    <subfield code="w">(OCoLC)784407129</subfield>
  </datafield>
  <datafield tag="775" ind1="0" ind2=" ">
    <subfield code="6">880-08</subfield>
    <subfield code="t">Aḥmad ibn Ṭūlūn: riwāyah tārīkhīyah gharāmīyah</subfield>
    <subfield code="d">Miṣr : Maṭbaʻat al-Hilāl, 1931</subfield>
    <subfield code="w">(OCoLC)784530385</subfield>
    <subfield code="w">(OCoLC)784530385</subfield>
  </datafield>
  <datafield tag="830" ind1=" " ind2="0">
    <subfield code="6">880-09</subfield>
    <subfield code="a">Riwāyāt tārīkh al-Islām ;</subfield>
    <subfield code="v">13.</subfield>
  </datafield>
  <datafield tag="852" ind1=" " ind2=" ">
    <subfield code="a">Jafet Library</subfield>
    <subfield code="e">American University of Beirut, Bliss Street , Beirut, Lebanon.</subfield>
  </datafield>
  <datafield tag="880" ind1="1" ind2=" ">
    <subfield code="6">100-01/(3/r</subfield>
    <subfield code="a">زيدان، جرجي،</subfield>
    <subfield code="d">1861-1914،</subfield>
    <subfield code="e">مؤلف. </subfield>
    <subfield code="4">aut.</subfield>
  </datafield>
  <datafield tag="880" ind1="1" ind2="0">
    <subfield code="6">245-02/(3/r</subfield>
    <subfield code="a">أحمد بن طولون :</subfield>
    <subfield code="b">رواية تاريخية غرامية /</subfield>
    <subfield code="c">تأليف جرجي، زيدان منشئ الهلال.</subfield>
  </datafield>
  <datafield tag="880" ind1=" " ind2="1">
    <subfield code="6">264-03/(3/r</subfield>
    <subfield code="a">مصر :</subfield>
    <subfield code="b">مطبعة الهلال،</subfield>
    <subfield code="c">1909.</subfield>
  </datafield>
  <datafield tag="880" ind1=" " ind2=" ">
    <subfield code="6">300-04/(3/r</subfield>
    <subfield code="a">174 صفحة ؛</subfield>
    <subfield code="c">24 cm.</subfield>
  </datafield>
  <datafield tag="880" ind1="1" ind2=" ">
    <subfield code="6">490-05/(3/r</subfield>
    <subfield code="a">روايات تاريخ الاسلام ؛</subfield>
    <subfield code="v">الحلقة الثالثة عشرة</subfield>
  </datafield>
  <datafield tag="880" ind1="0" ind2=" ">
    <subfield code="6">775-06/(3/r</subfield>
    <subfield code="t">أحمد بن طولون</subfield>
    <subfield code="d">مصر : مطبعة الهلال، 1950</subfield>
    <subfield code="w">b12561885</subfield>
    <subfield code="w">(OCoLC)784407120</subfield>
  </datafield>
  <datafield tag="880" ind1="0" ind2=" ">
    <subfield code="6">775-07/(3/r</subfield>
    <subfield code="t">احمد بن طولون : رواية تاريخية</subfield>
    <subfield code="d">بيروت : دار مكتبة الحياة، [1970?]</subfield>
    <subfield code="w">b12561976</subfield>
    <subfield code="w">(OCoLC)784407129</subfield>
  </datafield>
  <datafield tag="880" ind1="0" ind2=" ">
    <subfield code="6">775-08/(3/r</subfield>
    <subfield code="t">احمد بن طولون : رواية تاريخية غرامية</subfield>
    <subfield code="d">مصر : مطبعة الهلال، 1931</subfield>
    <subfield code="w">b12981369</subfield>
    <subfield code="w">(OCoLC)784530385 1931</subfield>
    <subfield code="w">b12981369</subfield>
    <subfield code="w">(OCoLC)784530385</subfield>
  </datafield>
  <datafield tag="880" ind1=" " ind2="0">
    <subfield code="6">830-09/(3/r</subfield>
    <subfield code="a">روايات تاريخ الاسلام ؛</subfield>
    <subfield code="v">13.</subfield>
  </datafield>
  <datafield tag="907" ind1=" " ind2=" ">
    <subfield code="a">.b12620099</subfield>
    <subfield code="b">17-01-20</subfield>
    <subfield code="c">11-05-24</subfield>
  </datafield>
  <datafield tag="907" ind1=" " ind2=" ">
    <subfield code="a">.b12620099</subfield>
    <subfield code="b">15-10-15</subfield>
    <subfield code="c">11-05-24</subfield>
  </datafield>
  <datafield tag="945" ind1=" " ind2=" ">
    <subfield code="f">J</subfield>
    <subfield code="a">892.78:Z39ah2A:c.1</subfield>
    <subfield code="i">01044337</subfield>
    <subfield code="j">.i13140036</subfield>
    <subfield code="l">u0503</subfield>
  </datafield>
  <datafield tag="945" ind1=" " ind2=" ">
    <subfield code="f">J</subfield>
    <subfield code="a">892.78:Z39ah2A:c.2</subfield>
    <subfield code="i">01044334</subfield>
    <subfield code="j">.i13140048</subfield>
    <subfield code="l">u0503</subfield>
  </datafield>
  <datafield tag="998" ind1=" " ind2=" ">
    <subfield code="a">u05</subfield>
    <subfield code="b">97-08-30</subfield>
    <subfield code="c">m</subfield>
    <subfield code="d">a</subfield>
    <subfield code="e">-</subfield>
    <subfield code="f">ara</subfield>
    <subfield code="g">ua </subfield>
    <subfield code="h">0</subfield>
    <subfield code="i">2</subfield>
  </datafield>
</record>
</collection>
